@book{KaufmanPS02,
  author    = {Charlie Kaufman and Radia Perlman and Mike Speciner},
  publisher = {Prentice Hall},
  title     = {{Network Security: Private Communication in a Public World}},
  year      = {2002},
  address   = {Upper Saddle River, New Jersey 07458}
}
